<record><leader>00000cas a22000007a 4500</leader><controlfield tag="001">9569890</controlfield><controlfield tag="008">830602d18uu187umaudn ne      0    0eng d</controlfield><datafield ind1=" " ind2=" " tag="010"><subfield code="a">sn 83020834 </subfield></datafield><datafield ind1=" " ind2=" " tag="040"><subfield code="a">NPX</subfield><subfield code="b">eng</subfield><subfield code="c">NPX</subfield><subfield code="d">DLC</subfield><subfield code="d">NPX</subfield><subfield code="d">OCLCQ</subfield></datafield><datafield ind1=" " ind2=" " tag="042"><subfield code="a">msc</subfield></datafield><datafield ind1="0" ind2=" " tag="130"><subfield code="a">Springfield union (Springfield, Mass. : 1870)</subfield></datafield><datafield ind1="1" ind2="0" tag="245"><subfield code="a">Springfield union.</subfield></datafield><datafield ind1="1" ind2="7" tag="246"><subfield code="a">Springfield daily union</subfield></datafield><datafield ind1=" " ind2=" " tag="260"><subfield code="a">Springfield, Mass. :</subfield><subfield code="b">Union Print. Co.</subfield></datafield><datafield ind1=" " ind2=" " tag="300"><subfield code="a">v. ;</subfield><subfield code="c">56 cm.</subfield></datafield><datafield ind1=" " ind2=" " tag="310"><subfield code="a">Daily (except Sun. and holidays)</subfield></datafield><datafield ind1=" " ind2=" " tag="588"><subfield code="a">Description based on: Sept. 14, 1870.</subfield></datafield><datafield ind1=" " ind2=" " tag="752"><subfield code="a">United States</subfield><subfield code="b">Massachusetts</subfield><subfield code="c">Hampden</subfield><subfield code="d">Springfield.</subfield></datafield><datafield ind1="0" ind2="0" tag="780"><subfield code="t">Springfield daily union (Springfield, Mass. : 1864)</subfield><subfield code="w">(DLC)sn 83020835</subfield></datafield><datafield ind1="0" ind2="0" tag="785"><subfield code="t">Daily Springfield union</subfield><subfield code="w">(DLC)sn 83020833</subfield></datafield></record>